@book{
	singularity,
  	title = {The singularity is near},
  	subtitle = {When humans trascend biology},
  	author = {Ray Kurzweil},
  	year = {2005},
  	publisher = {Viking},
}

@book{
	age,
  	title = {The age of spirtitual machines},
  	subtitle = {When computers exceed human intelligence},
  	author = {Ray Kurzweil},
  	year = {1999},
  	publisher = {Viking Press},
}

@online{
	interview,
	author = {Computer World},
	title = {Interview with futurist Ray Kurzweil},
	year = 2007,
	url = {https://www.computerworld.com/article/2477417/smartphones/the-kurzweil-interview--continued--portable-computing--virtual-reality--immortality--and.html},
	urldate = {}
}

@online{
	law,
	author = {Ray Kurzweil},
	title = {The law of accelerating returns},
	year = 2001,
	url = {http://www.kurzweilai.net/the-law-of-accelerating-returns},
	urldate = {}
}

@online{
	pilot,
	author = {Waverly labs},
	title = {Waverly labs pilot earphones},
	year = 2018,
	url = {https://www.waverlylabs.com/pilot-translation-kit/},
	urldate = {}
}


@online{
	dream,
	author = {Deep dream generator},
	title = {Deep dream generator},
	year = 2017,
	url = {https://deepdreamgenerator.com/},
	urldate = {}
}

@online{
	caption,
	author = {Jason Brownlee},
	title = {8 inspirational applications of deep learning},
	year = 2016,
	url = {https://machinelearningmastery.com/inspirational-applications-deep-learning/},
	urldate = {}
}

@online{
	gorilla,
	author = {The Guardian},
	title = {Google says sorry for racist auto-tag in photo app},
	year = 2015,
	url = {https://www.theguardian.com/technology/2015/jul/01/google-sorry-racist-auto-tag-photo-app},
	urldate = {}
}


@online{
	snake,
	author = {Slava Korolev},
	title = {Neural Network to play a snake game},
	year = 2017,
	url = {https://towardsdatascience.com/today-im-going-to-talk-about-a-small-practical-example-of-using-neural-networks-training-one-to-6b2cbd6efdb3},
	urldate = {}
}

@online{
	code,
	author = {Andrej Karpathy},
	title = {Software 2.0},
	year = 2017,
	url = {https://medium.com/@karpathy/software-2-0-a64152b37c35},
	urldate = {}
}

@article{
	back,
	Abstract = {},
	Author = {David E. Rumelhart and Geoffrey E. Hinton and Ronald J. Williams},
	Journal = {Nature},
	Month = {May},
	Number = {},
	Numpages = {},
	Pages = {533-536},
	Title = {Learning representations by back-propagating errors},
	Volume = {323},
	Url = {doi:10.1038/323533a0},
	Year = {1986}
}

@article{
	adversarial,
	Abstract = {},
	Author = {Christian S. and Wojciech Z. and Ilya S. and Joan B. and Dumitru E. and Ian Goodfellow, Rob Fergus},
	Journal = {Arxiv.org},
	Month = {},
	Number = {},
	Numpages = {},
	Pages = {},
	Title = {Intriguing properties of neural networks},
	Volume = {},
	Url = {https://arxiv.org/abs/1312.6199},
	Year = {2014}
}

@article{
	panda,
	Abstract = {},
	Author = {Ian J. G. and Jonathon S., Christian S.},
	Journal = {Arxiv.org},
	Month = {},
	Number = {},
	Numpages = {},
	Pages = {},
	Title = {Explaining and Harnessing Adversarial Examples},
	Volume = {},
	Url = {https://arxiv.org/abs/1412.6572},
	Year = {2015}
}

@online{
	darpa,
	author = {John Launchbury, DARPA},
	title = {A DARPA perspective on artificial intelligence},
	year = 2017,
	url = {https://www.darpa.mil/attachments/AIFull.pdf},
	urldate = {}
}

@online{
	topology,
	author = {John Launchbury, DARPA},
	title = {Neural Networks, Manifolds, and Topology},
	year = 2014,
	url = {http://colah.github.io/posts/2014-03-NN-Manifolds-Topology/},
	urldate = {}
}
